@book{gdl,
    author = {Kurt Gödel},
    title = {On Formally Undecidable Propositions of Principia Mathematica and Related Systems},
    publisher = {Dover Publications},
    year = {1992}
}

% Argumentos diagonales 

@article{lawverefixed,
    author = {F. William Lawvere},
    title = {Diagonal arguments and cartesian closed categories with author commentary},
    journal = {Reprints in Theory and Applications of Categories},
    year = {2006} 
}
@article{Yanofsky_2003,
   title={A Universal Approach to Self-Referential Paradoxes, Incompleteness and Fixed Points},
   volume={9},
   ISSN={1943-5894},
   url={http://dx.doi.org/10.2178/bsl/1058448677},
   DOI={10.2178/bsl/1058448677},
   number={3},
   journal={Bulletin of Symbolic Logic},
   publisher={Cambridge University Press (CUP)},
   author={Yanofsky, Noson S.},
   year={2003},
   month=sep, pages={362–386} }

% Libros sobre Teoría de Categorías
@book{riehl,
    author = {Emily Riehl},
    title = {Category Theory in Context},
    publisher = {Dover Publications},
    year = {2016}
}
@misc{leinster,
      title={Basic Category Theory}, 
      author={Tom Leinster},
      year={2016},
      eprint={1612.09375},
      archivePrefix={arXiv},
      primaryClass={math.CT},
      url={https://arxiv.org/abs/1612.09375}, 
}
@book{maclane,
    author = {Saunders MacLane},
    title = {Categories for the Working Mathematician},
    publisher = {Springer},
    year = {1997}
}
@book{setsfor,
    author = {F. William Lawvere and Robert Rosebrugh} ,
    title = {Sets for mathematics},
    publisher = {Cambridge University Press},
    year = {2003}
}

@article{lemayoneda,
    author = {Alexander Grothendiek},
    title = {Technique de descente et théorèmes d'existence en géométrie algébriques. II. Le théorème d'existence en théorie formelle des modules},
    journal = {Séminaire Bourbaki},
    year = {1960}
}